@book{gilmore_2010,
  place="New York",
  title="Alice in Quantumland: An allegory of quantum physics",
  publisher="Copernicus",
  author="Gilmore, Robert S.",
  year="2010",
}
@book{volpi_2016,
  place="Mexico",
  title="En busca de Klingsor",
  publisher="Debolsillo",
  author="Volpi, Jorge",
  year="2016",
}
@book{cline_1995,
  place="Mexico",
  title="Los Creadores de la Nueva F\'isica: Los F\'isicos y La Teor\'ia cu\'antica",
  publisher="Fondo de Cultura Econ\'omica",
  author="Cline, Barbara L.",
  year="1995",
}
@book{penrose_2016,
  place={Oxford},
  title={The emperor's new mind: Concerning computers, Minds, and the laws of physics},
  publisher={Oxford University Press},
  author={Penrose, Roger},
  year={2016}
}
@book{dick_1975,
  place={New York},
  title={Do androids dream of electric sheep?},
  publisher={Ballantine Books},
  author={Dick, Philip K.},
  year={1975}
}  
